@phdthesis{Abel13,
  author      = {A. Abel},
  year        = {2013},
  title       = {Normalization by evaluation: dependent types and impredicativity},
  type        = {Habilitation thesis},
  school      = {Ludwig-Maximilians-Universit{\"{a}}t M{\"{u}}nchen},
  url         = {http://www.cse.chalmers.se/~abela/habil.pdf}
}

@inproceedings{AlechinaMPR01,
  author      = {N. Alechina and
                 M. Mendler and
                 V. {de Paiva} and
                 E. Ritter},
  year        = {2001},
  title       = {Categorical and {K}ripke semantics for constructive {S4} modal logic},
  booktitle   = {Computer Science Logic ({CSL}'01)},
  series      = {{LNCS}},
  volume      = {2142},
  pages       = {292--307},
  publisher   = {Springer},
  doi         = {10.1007/3-540-44802-0\_21},
  url         = {http://doi.org/10.1007/3-540-44802-0\_21}
}

@inproceedings{Altenkirch93,
  author      = {T. Altenkirch},
  year        = {1993},
  title       = {Proving strong normalization of {CC} by modifying realizability semantics},
  booktitle   = {Types for Proofs and Programs ({TYPES}'93)},
  series      = {{LNCS}},
  volume      = {806},
  pages       = {3--18},
  publisher   = {Springer},
  doi         = {10.1007/3-540-58085-9\_70},
  url         = {http://doi.org/10.1007/3-540-58085-9\_70}
}

@inproceedings{AltenkirchR99,
  author      = {T. Altenkirch and
                 B. Reus},
  year        = {1999},
  title       = {Monadic presentations of lambda terms using generalized inductive types},
  booktitle   = {Computer Science Logic ({CSL}'99)},
  series      = {{LNCS}},
  volume      = {1683},
  pages       = {453--468},
  publisher   = {Springer},
  doi         = {10.1007/3-540-48168-0\_32},
  url         = {http://doi.org/10.1007/3-540-48168-0\_32}
}

@article{Artemov01,
  author      = {S. N. Art{\"{e}}mov},
  year        = {2001},
  title       = {Explicit provability and constructive semantics},
  journal     = {Bulletin of Symbolic Logic},
  volume      = {7},
  number      = {1},
  pages       = {1--36},
  publisher   = {Cambridge University Press},
  doi         = {10.2307/2687821},
  url         = {http://doi.org/10.2307/2687821}
}

@inproceedings{ArtemovB07,
  author      = {S. N. Art{\"{e}}mov and
                 E. Bonelli},
  year        = {2007},
  title       = {The intensional lambda calculus},
  booktitle   = {Logical Foundations of Computer Science ({LFCS}'07)},
  series      = {{LNCS}},
  volume      = {4514},
  pages       = {12--25},
  publisher   = {Springer},
  doi         = {10.1007/978-3-540-72734-7\_2},
  url         = {http://doi.org/10.1007/978-3-540-72734-7\_2}
}

@inproceedings{Bauer16,
  author      = {A. Bauer},
  year        = {2016},
  title       = {On self-interpreters for {G}{\"{o}}del's {S}ystem {T}},
  booktitle   = {Types for Proofs and Programs ({TYPES}'16)},
  url         = {http://math.andrej.com/wp-content/uploads/2016/01/self-interpreter-for-T.pdf},
  note        = {accepted}
}

@inproceedings{BergerS91,
  author      = {U. Berger and
                 H. Schwichtenberg},
  year        = {1991},
  title       = {An inverse of the evaluation functional for typed lambda-calculus},
  booktitle   = {Logic in Computer Science ({LICS}'91)},
  pages       = {203--211},
  publisher   = {IEEE},
  doi         = {10.1109/LICS.1991.151645},
  url         = {http://doi.org/10.1109/LICS.1991.151645}
}

@article{BiermanP00,
  author      = {G. M. Bierman and
                 V. {de Paiva}},
  year        = {2000},
  title       = {On an intuitionistic modal logic},
  journal     = {Studia Logica},
  volume      = {65},
  number      = {3},
  pages       = {383--416},
  publisher   = {Springer},
  doi         = {10.1023/A:1005291931660},
  url         = {http://doi.org/10.1023/A:1005291931660}
}

@incollection{Boolos94,
  author      = {G. Boolos},
  year        = {1994},
  title       = {An {S4}-preserving proof-theoretical treatment of modality},
  booktitle   = {The Logic of Provability},
  pages       = {155--164},
  publisher   = {Cambridge University Press},
  doi         = {10.1017/CBO9780511625183.014},
  url         = {http://doi.org/10.1017/CBO9780511625183.014}
}

@article{BozicD84,
  author      = {M. Bo{\v{z}}i{\'{c}} and
                 K. Do{\v{s}}en},
  year        = {1984},
  title       = {Models for normal intuitionistic modal logics},
  journal     = {Studia Logica},
  volume      = {43},
  number      = {3},
  pages       = {217--245},
  publisher   = {Springer},
  doi         = {10.1007/BF02429840},
  url         = {http://doi.org/10.1007/BF02429840}
}

@inproceedings{BrownP16,
  author      = {M. Brown and
                 J. Palsberg},
  year        = {2016},
  title       = {Breaking through the normalization barrier: a self-interpreter for {F}-omega},
  booktitle   = {Principles of Programming Languages ({POPL}'16)},
  pages       = {5--17},
  publisher   = {ACM},
  doi         = {10.1145/2837614.2837623},
  url         = {http://doi.org/10.1145/2837614.2837623},
}

@phdthesis{Chapman09,
  author      = {J. M. Chapman},
  year        = {2009},
  title       = {Type checking and normalisation},
  school      = {University of Nottingham},
  url         = {http://jmchapman.github.io/papers/thesis.pdf}
}

@inproceedings{Coquand93,
  author      = {C. Coquand},
  year        = {1993},
  title       = {From semantics to rules: a machine assisted analysis},
  booktitle   = {Computer Science Logic ({CSL}'93)},
  series      = {{LNCS}},
  volume      = {832},
  pages       = {91--105},
  publisher   = {Springer},
  doi         = {10.1007/BFb0049326},
  url         = {http://doi.org/10.1007/BFb0049326}
}

@article{Coquand02,
  author      = {C. Coquand},
  year        = {2002},
  title       = {A formalised proof of the soundness and completeness of a simply typed lambda-calculus with explicit substitutions},
  journal     = {Higher-Order and Symbolic Computation},
  volume      = {15},
  number      = {1},
  pages       = {57--90},
  publisher   = {Springer},
  doi         = {10.1023/A:1019964114625},
  url         = {http://doi.org/10.1023/A:1019964114625}
}

@article{CoquandD97,
  author      = {T. Coquand and
                 P. Dybjer},
  year        = {1997},
  title       = {Intuitionistic model constructions and normalization proofs},
  journal     = {Mathematical Structures in Computer Science},
  volume      = {7},
  number      = {1},
  pages       = {75--94},
  publisher   = {Cambridge University Press},
  doi         = {10.1017/S0960129596002150},
  url         = {http://doi.org/10.1017/S0960129596002150}
}

@inproceedings{Danvy96,
  author      = {O. Danvy},
  year        = {1996},
  title       = {Type-directed partial evaluation},
  booktitle   = {Principles of Programming Languages ({POPL}'96)},
  pages       = {242--257},
  publisher   = {ACM},
  doi         = {10.1145/237721.237784},
  url         = {http://doi.org/10.1145/237721.237784}
}

@article{DaviesP01,
  author      = {R. Davies and
                 F. Pfenning},
  year        = {2001},
  title       = {A modal analysis of staged computation},
  journal     = {Journal of the {ACM}},
  volume      = {48},
  number      = {3},
  pages       = {555--604},
  publisher   = {ACM},
  doi         = {10.1145/382780.382785},
  url         = {http://doi.org/10.1145/382780.382785}
}

@article{DeBruijn72,
  author      = {N. G. de Bruijn},
  year        = {1972},
  title       = {Lambda calculus notation with nameless dummies, a tool for automatic formula manipulation, with application to the {C}hurch-{R}osser theorem},
  journal     = {Indagationes Mathematicae (Proceedings)},
  volume      = {75},
  number      = {5},
  pages       = {381--392},
  publisher   = {Elsevier},
  doi         = {10.1016/1385-7258(72)90034-0},
  url         = {http://doi.org/10.1016/1385-7258(72)90034-0}
}

@incollection{DybjerF02,
  author      = {P. Dybjer and
                A. Filinski},
  year        = {2002},
  title       = {Normalization and partial evaluation},
  booktitle   = {Applied Semantics ({APPSEM}'00)},
  series      = {{LNCS}},
  volume      = {2395},
  pages       = {137--192},
  publisher   = {Springer},
  doi         = {10.1007/3-540-45699-6\_4},
  url         = {http://doi.org/10.1007/3-540-45699-6\_4}
}

@incollection{Dyckhoff16,
  author      = {R. Dyckhoff},
  year        = {2016},
  title       = {Some remarks on proof-theoretic semantics},
  booktitle   = {Advances in Proof-Theoretic Semantics},
  series      = {Trends in Logic},
  volume      = {43},
  pages       = {79--93},
  publisher   = {Springer},
  doi         = {10.1007/978-3-319-22686-6\_5},
  url         = {http://doi.org/10.1007/978-3-319-22686-6\_5}
}

@article{Ewald86,
  author      = {W. B. Ewald},
  year        = {1986},
  title       = {Intuitionistic tense and modal logic},
  journal     = {Journal of Symbolic Logic},
  volume      = {51},
  number      = {1},
  pages       = {166--179},
  publisher   = {Cambridge University Press},
  doi         = {10.2307/2273953},
  url         = {http://doi.org/10.2307/2273953}
}

@article{FischerServi84,
  author      = {G. {Fischer Servi}},
  year        = {1984},
  title       = {Axiomatizations for some intuitionistic modal logics},
  journal     = {Rendiconti del Seminario Matematico Universit{\`{a}} Politecnico di Torino},
  volume      = {42},
  pages       = {179--194},
  publisher   = {Universit{\'{a}} e Politecnico di Torino},
  url         = {http://www.seminariomatematico.unito.it/rendiconti/cartaceo/42-3.html},
  note        = {to appear online}
}

@article{GabbayN13,
  author      = {M. J. Gabbay and
                 A. Nanevski},
  year        = {2013},
  title       = {Denotation of contextual modal type theory: syntax and meta-programming},
  journal     = {Journal of Applied Logic},
  volume      = {11},
  number      = {1},
  pages       = {1--29},
  publisher   = {Elsevier},
  doi         = {10.1016/j.jal.2012.07.002},
  url         = {http://doi.org/10.1016/j.jal.2012.07.002}
}

@book{GirardTL89,
  author      = {J.-Y. Girard and
                 P. Taylor and
                 Y. Lafont},
  year        = {1989},
  title       = {Proofs and Types},
  publisher   = {Cambridge University Press},
  url         = {http://paultaylor.eu/stable/prot.pdf}
}

@incollection{Godel33,
  author      = {K. G{\"{o}}del},
  year        = {1933/1986},
  title       = {Eine {I}nterpretation des intuitionistischen {A}ussagenkalk{\"{u}}ls},
  booktitle   = {Kurt G{\"{o}}del: Collected Works, Vol. I: Publications 1929--1936},
  pages       = {300--303},
  publisher   = {Oxford University Press},
  url         = {http://global.oup.com/academic/product/collected-works-9780195039641}
}

@phdthesis{Iemhoff01,
  author      = {R. Iemhoff},
  year        = {2001},
  title       = {Provability logic and admissible rules},
  school      = {University of Amsterdam},
  url         = {http://phil.uu.nl/~iemhoff/Mijn/Papers/proeve.pdf}
}

@article{Ilik13,
  author      = {D. Ili{\'{c}}},
  year        = {2013},
  title       = {Continuation-passing style models complete for intuitionistic logic},
  journal     = {Annals of Pure and Applied Logic},
  volume      = {164},
  number      = {6},
  pages       = {651--662},
  publisher   = {Elsevier},
  doi         = {10.1016/j.apal.2012.05.003},
  url         = {http://doi.org/10.1016/j.apal.2012.05.003}
}

@mastersthesis{Kovacs17,
  author      = {A. Kov{\'{a}}cs},
  year        = {2017},
  title       = {A machine-checked correctness proof of normalization by evaluation for simply typed lambda calculus},
  school      = {E{\"{o}}tv{\"{o}}s Lor{\'{a}}nd University},
  url         = {http://github.com/AndrasKovacs/stlc-nbe/blob/separate-PSh/thesis.pdf}
}

@article{Kripke65,
  author      = {S. A. Kripke},
  year        = {1965},
  title       = {Semantical analysis of intuitionistic logic {I}},
  journal     = {Studies in Logic and the Foundations of Mathematics},
  volume      = {40},
  pages       = {92--130},
  publisher   = {Elsevier},
  doi         = {10.1016/S0049-237X(08)71685-9},
  url         = {http://doi.org/10.1016/S0049-237X(08)71685-9}
}

@article{MartinLof75,
  author      = {P. Martin-L{\"{o}}f},
  year        = {1975},
  title       = {An intuitionistic theory of types: predicative part},
  journal     = {Studies in Logic and the Foundations of Mathematics},
  volume      = {80},
  pages       = {73--118},
  publisher   = {Elsevier},
  doi         = {10.1016/S0049-237X(08)71945-1},
  url         = {http://doi.org/10.1016/S0049-237X(08)71945-1}
}

@inproceedings{McBride05,
  author      = {C. McBride},
  year        = {2005},
  title       = {Epigram: practical programming with dependent types},
  booktitle   = {Advanced Functional Programming ({AFP}'05)},
  series      = {{LNCS}},
  volume      = {832},
  pages       = {91--105},
  publisher   = {Springer},
  doi         = {10.1007/11546382\_3},
  url         = {http://doi.org/10.1007/11546382_3}
}

@book{McCarthyAEHL62,
  author      = {J. McCarthy and
                 P. W. Abrahams and
                 D. J. Edwards and
                 T. P. Hart and
                 M. I. Levin},
  year        = {1962},
  title       = {{LISP} 1.5 Programmer's Manual},
  publisher   = {MIT Press},
  url         = {http://softwarepreservation.org/projects/LISP/book/LISP\%201.5\%20Programmers\%20Manual.pdf}
}

@article{McKinseyT48,
  author      = {J. C. C. McKinsey and
                 A. Tarski},
  year        = {1948},
  title       = {Some theorems about the sentential calculi of {L}ewis and {H}eyting},
  journal     = {Journal of Symbolic Logic},
  volume      = {13},
  number      = {1},
  pages       = {1--15},
  publisher   = {Cambridge University Press},
  doi         = {10.2307/2268135},
  url         = {http://doi.org/10.2307/2268135}
}

@article{NanevskiPP08,
  author      = {A. Nanevski and
                 F. Pfenning and
                 B. Pientka},
  year        = {2008},
  title       = {Contextual modal type theory},
  journal     = {{ACM} Transactions on Computational Logic},
  volume      = {9},
  number      = {3},
  pages       = {23:1--23:49},
  publisher   = {ACM},
  doi         = {10.1145/1352582.1352591},
  url         = {http://doi.org/10.1145/1352582.1352591}
}

@phdthesis{Norell07,
  author      = {U. Norell},
  year        = {2007},
  title       = {Towards a practical programming language based on dependent type theory},
  school      = {Chalmers University of Technology},
  url         = {http://www.cse.chalmers.se/~ulfn/papers/thesis.pdf}
}

@article{Ono77,
  author      = {H. Ono},
  year        = {1977},
  title       = {On some intuitionistic modal logics},
  journal     = {Publications of the Research Institute for Mathematical Sciences},
  volume      = {13},
  pages       = {687--722},
  publisher   = {Research Institute for Mathematical Sciences, Kyoto University},
  doi         = {10.2977/prims/1195189604},
  url         = {http://doi.org/10.2977/prims/1195189604}
}

@article{PfenningD01,
  author      = {F. Pfenning and
                 R. Davies},
  year        = {2001},
  title       = {A judgmental reconstruction of modal logic},
  journal     = {Mathematical Structures in Computer Science},
  volume      = {11},
  number      = {4},
  pages       = {511--540},
  publisher   = {Cambridge University Press},
  doi         = {10.1017/S0960129501003322},
  url         = {http://doi.org/10.1017/S0960129501003322}
}

@inproceedings{PlotkinS86,
  author      = {G. D. Plotkin and
                 C. Stirling},
  year        = {1986},
  title       = {A framework for intuitionistic modal logics},
  booktitle   = {Theoretical Aspects of Reasoning about Knowledge ({TARK}'86)},
  published   = {Morgan Kaufmann},
  pages       = {399--406},
  url         = {http://tark.org/proceedings/tark_mar19_86/p399-plotkin.pdf}
}

@incollection{Sheard01,
  author      = {T. Sheard},
  year        = {2001},
  title       = {Accomplishments and research challenges in meta-programming},
  booktitle   = {Semantics, Applications, and Implementation of Program Generation ({SAIG}'01)},
  series      = {{LNCS}},
  volume      = {2196},
  pages       = {2--44},
  publisher   = {Springer},
  doi         = {10.1007/3-540-44806-3\_2},
  url         = {http://doi.org/10.1007/3-540-44806-3\_2}
}

@phdthesis{Simpson94,
  author      = {A. Simpson},
  year        = {1994},
  title       = {The proof theory and semantics of intuitionistic modal logic},
  school      = {University of Edinburgh},
  url         = {http://homepages.inf.ed.ac.uk/als/Research/thesis.pdf}
}

@article{Turner04,
  author      = {D. A. Turner},
  year        = {2004},
  title       = {Total functional programming},
  journal     = {Journal of Universal Computer Science},
  volume      = {10},
  number      = {7},
  pages       = {751--768},
  publisher   = {Verlag der Technischen Universit{\"{a}}t Graz},
  doi         = {10.3217/jucs-010-07-0751},
  url         = {http://doi.org/10.3217/jucs-010-07-0751}
}

@article{Wadler15,
  author      = {P. Wadler},
  year        = {2015},
  title       = {Propositions as types},
  journal     = {Communications of the {ACM}},
  volume      = {58},
  number      = {12},
  pages       = {75--84},
  publisher   = {ACM},
  doi         = {10.1145/2699407},
  url         = {http://doi.org/10.1145/2699407}
}

@article{Wijesekera90,
  author      = {D. Wijesekera},
  year        = {1990},
  title       = {Constructive modal logics {I}},
  journal     = {Annals of Pure and Applied Logic},
  volume      = {50},
  number      = {3},
  pages       = {271--301},
  publisher   = {Elsevier},
  doi         = {10.1016/0168-0072(90)90059-B},
  url         = {http://doi.org/10.1016/0168-0072(90)90059-B}
}
